<?xml version="1.0" encoding="UTF-8"?><collection xmlns="http://www.loc.gov/MARC21/slim"><record><leader>00515nam--2200181-i-4500</leader><controlfield tag="001">000011414</controlfield><controlfield tag="002">20161230</controlfield><controlfield tag="005">20170204194140</controlfield><controlfield tag="008">060222s1000------------r-----000-0-eng-d</controlfield><datafield ind1=" " ind2=" " tag="040"><subfield code="a">IFIN-HH</subfield></datafield><datafield ind1=" " ind2=" " tag="080"><subfield code="a">621.37.029.5:535.33</subfield></datafield><datafield ind1="1" ind2=" " tag="100"><subfield code="a">Agarbiceanu, Ion I</subfield></datafield><datafield ind1="1" ind2="0" tag="245"><subfield code="a">Optical methods of radio-frequency spectroscopy</subfield><subfield code="c">Ion I. garbiceanu; Ion M. Popescu</subfield></datafield><datafield ind1=" " ind2=" " tag="260"><subfield code="a">Bucuresti</subfield><subfield code="b">Editura Academiei</subfield><subfield code="c">1975</subfield></datafield><datafield ind1=" " ind2=" " tag="300"><subfield code="a">310 p</subfield></datafield><datafield ind1="1" ind2=" " tag="700"><subfield code="a">Popescu, Ion M</subfield></datafield><datafield ind1=" " ind2=" " tag="852"><subfield code="a">42377</subfield><subfield code="c">535.33</subfield></datafield><datafield ind1=" " ind2=" " tag="CAT"><subfield code="a">SYS</subfield><subfield code="c">20170204</subfield><subfield code="h">194140</subfield></datafield></record></collection>